% Encoding: UTF-8

@Article{syam,
  Title                    = {Hyperspectral image analysis - getting started},
  Author                   = {S. Kakarla},
  Journal                  = {Mathematical Modeling and Analysis},
  Year                     = {2021},
  Owner                    = {S. Kakarla},
  Timestamp                = {14-Dec-2021}
}

@article{cheng, 
title={Estimation of Chlorophyll-a Concentration in Turbid Lake Using Spectral Smoothing and Derivative Analysis}, 
volume={10}, 
ISSN={1660-4601},
url={http://dx.doi.org/10.3390/ijerph10072979}, 
DOI={10.3390/ijerph10072979},
number={7}, 
journal={International Journal of Environmental Research and Public Health},
publisher={MDPI AG},
author={Cheng, Chunmei and Wei, Yuchun and Sun, Xiaopeng and Zhou, Yu}, 
year={2013},
month={Jul}, pages={2979–2994}
}


@article{awad2014sea,
  title={Sea water chlorophyll-a estimation using hyperspectral images and supervised artificial neural network},
  author={Awad, Mohamad},
  journal={Ecological informatics},
  volume={24},
  pages={60--68},
  year={2014},
  publisher={Elsevier}
}

@article{zhang2020mapping,
  title={Mapping water quality parameters in urban rivers from hyperspectral images using a new self-adapting selection of multiple artificial neural networks},
  author={Zhang, Yishan and Wu, Lun and Ren, Huazhong and Liu, Yu and Zheng, Yongqian and Liu, Yaowen and Dong, Jiaji},
  journal={Remote Sensing},
  volume={12},
  number={2},
  pages={336},
  year={2020},
  publisher={Multidisciplinary Digital Publishing Institute}
}

@article{liu2020measurement,
  title={Measurement of total nitrogen concentration in surface water using hyperspectral band observation method},
  author={Liu, Changjiang and Zhang, Fei and Ge, Xiangyu and Zhang, Xianlong and Qi, Yaxiao and others},
  journal={Water},
  volume={12},
  number={7},
  pages={1842},
  year={2020},
  publisher={Multidisciplinary Digital Publishing Institute}
}

@article{wu2014hyperspectral,
  title={Hyperspectral sensing for turbid water quality monitoring in freshwater rivers: empirical relationship between reflectance and turbidity and total solids},
  author={Wu, Jiunn-Lin and Ho, Chung-Ru and Huang, Chia-Ching and Srivastav, Arun Lal and Tzeng, Jing-Hua and Lin, Yao-Tung},
  journal={Sensors},
  volume={14},
  number={12},
  pages={22670--22688},
  year={2014},
  publisher={Multidisciplinary Digital Publishing Institute}
}

@article{flores2020hyperspectral,
  title={Hyperspectral satellite remote sensing of water quality in Lake Atitl{\'a}n, Guatemala},
  author={Flores-Anderson, Africa I and Griffin, Robert and Dix, Margaret and Romero-Oliva, Claudia S and Ochaeta, Gerson and Skinner-Alvarado, Juan and Ramirez Moran, Maria Violeta and Hernandez, Betzy and Cherrington, Emil and Page, Benjamin and others},
  journal={Frontiers in Environmental Science},
  volume={8},
  pages={7},
  year={2020},
  publisher={Frontiers}
}

@article{dodds2016nitrogen,
  title={Nitrogen, phosphorus, and eutrophication in streams},
  author={Dodds, Walter K and Smith, Val H},
  journal={Inland Waters},
  volume={6},
  number={2},
  pages={155--164},
  year={2016},
  publisher={Taylor \& Francis}
}

@article{matthews2010remote,
  title={Remote sensing of cyanobacteria-dominant algal blooms and water quality parameters in Zeekoevlei, a small hypertrophic lake, using MERIS},
  author={Matthews, Mark W and Bernard, Stewart and Winter, Kevin},
  journal={Remote sensing of environment},
  volume={114},
  number={9},
  pages={2070--2087},
  year={2010},
  publisher={Elsevier}
}

@article{keller2018hyperspectral,
  title={Hyperspectral data and machine learning for estimating CDOM, chlorophyll a, diatoms, green algae and turbidity},
  author={Keller, Sina and Maier, Philipp M and Riese, Felix M and Norra, Stefan and Holbach, Andreas and B{\"o}rsig, Nicolas and Wilhelms, Andre and Moldaenke, Christian and Zaake, Andr{\'e} and Hinz, Stefan},
  journal={International journal of environmental research and public health},
  volume={15},
  number={9},
  pages={1881},
  year={2018},
  publisher={Multidisciplinary Digital Publishing Institute}
}

@article{boellaard201904,
  title={ES 04-01—Image processing and analysis using artificial intelligence (CNNs).},
  author={Boellaard, Ronald},
  journal={Radiology},
  volume={291},
  pages={53--59},
  year={2019}
}

@incollection{mbuh2019use,
  title={Use of Hyperspectral Remote Sensing to Estimate Water Quality},
  author={Mbuh, Mbongowo},
  booktitle={Processing and Analysis of Hyperspectral Data},
  year={2019},
  publisher={IntechOpen}
}

@article{rostom2017evaluation,
  title={Evaluation of Mariut Lake water quality using Hyperspectral Remote Sensing and laboratory works},
  author={Rostom, Neven G and Shalaby, Adel A and Issa, Yousry M and Afifi, Ahmed A},
  journal={The Egyptian Journal of Remote Sensing and Space Science},
  volume={20},
  pages={S39--S48},
  year={2017},
  publisher={Elsevier}
}

@article{tan2015using,
  title={Using hyperspectral data to quantify water-quality parameters in the Wabash River and its tributaries, Indiana},
  author={Tan, Jing and Cherkauer, Keith A and Chaubey, Indrajeet},
  journal={International Journal of Remote Sensing},
  volume={36},
  number={21},
  pages={5466--5484},
  year={2015},
  publisher={Taylor \& Francis}
}

@article{wang2019water,
  title={Water quality monitoring and evaluation using remote sensing techniques in China: a systematic review},
  author={Wang, Xiaoyan and Yang, Wu},
  journal={Ecosystem Health and Sustainability},
  volume={5},
  number={1},
  pages={47--56},
  year={2019},
  publisher={Taylor \& Francis}
}

@article{bhateria2016water,
  title={Water quality assessment of lake water: a review},
  author={Bhateria, Rachna and Jain, Disha},
  journal={Sustainable Water Resources Management},
  volume={2},
  number={2},
  pages={161--173},
  year={2016},
  publisher={Springer}
}

@article{usali2010use,
  title={Use of remote sensing and GIS in monitoring water quality},
  author={Usali, Norsaliza and Ismail, Mohd Hasmadi},
  journal={Journal of sustainable development},
  volume={3},
  number={3},
  pages={228},
  year={2010},
  publisher={Canadian Center of Science and Education}
}

@article{mcilwaine2019using,
  title={Using 1st derivative reflectance signatures within a remote sensing framework to identify macroalgae in marine environments},
  author={Mcilwaine, Ben and Casado, Monica Rivas and Leinster, Paul},
  journal={Remote Sensing},
  volume={11},
  number={6},
  pages={704},
  year={2019},
  publisher={Multidisciplinary Digital Publishing Institute}
}

@inproceedings{maier2018machine,
  title={Machine learning regression on hyperspectral data to estimate multiple water parameters},
  author={Maier, Philipp M and Keller, Sina},
  booktitle={2018 9th Workshop on Hyperspectral Image and Signal Processing: Evolution in Remote Sensing (WHISPERS)},
  pages={1--5},
  year={2018},
  organization={IEEE}
}

@article{schalles1998estimation,
  title={Estimation of chlorophyll a from time series measurements of high spectral resolution reflectance in an eutrophic lake},
  author={Schalles, John F and Gitelson, Anatoly A and Yacobi, Yosef Z and Kroenke, Amy E},
  journal={Journal of Phycology},
  volume={34},
  number={2},
  pages={383--390},
  year={1998},
  publisher={Wiley Online Library}
}

@article{rundquist1996remote,
  title={Remote measurement of algal chlorophyll in surface waters: the case for the first derivative of reflectance near 690 nm},
  author={Rundquist, Donald C and Han, Luoheng and Schalles, John F and Peake, Jeffrey S},
  journal={Photogrammetric Engineering and Remote Sensing},
  volume={62},
  number={2},
  pages={195--200},
  year={1996},
  publisher={[Falls Church, Va.] American Society of Photogrammetry.}
}

@book{suggett2010chlorophyll,
  title={Chlorophyll a fluorescence in aquatic sciences: methods and applications},
  author={Suggett, David J and Pr{\'a}{\v{s}}il, Ondrej and Borowitzka, Michael A},
  volume={4},
  year={2010},
  publisher={Springer}
}

@article{brezonik2005landsat,
  title={Landsat-based remote sensing of lake water quality characteristics, including chlorophyll and colored dissolved organic matter (CDOM)},
  author={Brezonik, Patrick and Menken, Kevin D and Bauer, Marvin},
  journal={Lake and Reservoir Management},
  volume={21},
  number={4},
  pages={373--382},
  year={2005},
  publisher={Taylor \& Francis}
}

@article{dekker1993detection,
  title={Detection of optical water quality parameters for eutrophic waters by high resolution remote sensing},
  author={Dekker, Arnold Graham},
  year={1993},
  publisher={Free Universit}
}

@article{hellweger2007mapping,
  title={Mapping turbidity in the Charles River, Boston using a high-resolution satellite},
  author={Hellweger, Ferdi L and Miller, Will and Oshodi, Kehinde Sarat},
  journal={Environmental monitoring and assessment},
  volume={132},
  number={1},
  pages={311--320},
  year={2007},
  publisher={Springer}
}

@inproceedings{gitelson1995remote,
  title={Remote estimation of chlorophyll concentration in polluted marine waters in Haifa Bay, Southeastern Mediterranean},
  author={Gitelson, Anatoly A and Yacobi, Yosef Z and Karnieli, Arnon and Kress, Nurit},
  booktitle={Air Toxics and Water Monitoring},
  volume={2503},
  pages={44--54},
  year={1995},
  organization={International Society for Optics and Photonics}
}

@article{hakansson1994cover,
  title={Cover. The algal bloom in the Baltic during July and August 1991, as observed from the NOAA weather satellites},
  author={Hakansson, BG and Moberg, Mats},
  journal={TitleREMOTE SENSING},
  volume={15},
  number={5},
  pages={963--965},
  year={1994},
  publisher={Taylor \& Francis}
}

@article{han2005estimating,
  title={Estimating and mapping chlorophyll-a concentration in Pensacola Bay, Florida using Landsat ETM+ data},
  author={Han, Luoheng and Jordan, Karen J},
  journal={International Journal of Remote Sensing},
  volume={26},
  number={23},
  pages={5245--5254},
  year={2005},
  publisher={Taylor \& Francis}
}


@comment{jabref-meta: selector_author:}
@comment{jabref-meta: selector_journal:}
@comment{jabref-meta: selector_keywords:}
@comment{jabref-meta: selector_publisher:}

